@book{FML,
author="Meryar Mohri Afshin Rostamizadeh and Ameet Talwalkar",
title="Foundations of Machine Learning",
publisher="MIT Press",
year=2012
}
